<marcxml:record xmlns:xlink="http://www.w3.org/1999/xlink" xmlns:marcxml="http://www.loc.gov/MARC21/slim" xmlns:mets="http://www.loc.gov/METS/" xmlns:mxe="http://www.loc.gov/mxe" xmlns:rdf="http://www.w3.org/1999/02/22-rdf-syntax-ns#" xmlns:rdfs="http://www.w3.org/2000/01/rdf-schema#" xmlns:skos="http://www.w3.org/2004/02/skos/core#" xmlns:madsrdf="http://www.loc.gov/mads/rdf/v1#" xmlns:ri="http://id.loc.gov/ontologies/RecordInfo#" xmlns:sem="http://marklogic.com/semantics">
  <marcxml:leader>01582cz  a2200313n  4500</marcxml:leader>
  <marcxml:controlfield tag="001">n79054426</marcxml:controlfield>
  <marcxml:controlfield tag="003">DLC</marcxml:controlfield>
  <marcxml:controlfield tag="005">20150807053204.0</marcxml:controlfield>
  <marcxml:controlfield tag="008">790620n| azannaabn          fa ana      </marcxml:controlfield>
  <marcxml:datafield tag="010" ind1=" " ind2=" ">
    <marcxml:subfield code="a">n  79054426 </marcxml:subfield>
  </marcxml:datafield>
  <marcxml:datafield tag="035" ind1=" " ind2=" ">
    <marcxml:subfield code="a">(OCoLC)oca00287563</marcxml:subfield>
  </marcxml:datafield>
  <marcxml:datafield tag="040" ind1=" " ind2=" ">
    <marcxml:subfield code="a">DLC</marcxml:subfield>
    <marcxml:subfield code="b">eng</marcxml:subfield>
    <marcxml:subfield code="e">rda</marcxml:subfield>
    <marcxml:subfield code="c">DLC</marcxml:subfield>
    <marcxml:subfield code="d">OCl</marcxml:subfield>
    <marcxml:subfield code="d">DLC</marcxml:subfield>
    <marcxml:subfield code="d">NNC</marcxml:subfield>
    <marcxml:subfield code="d">DSI</marcxml:subfield>
  </marcxml:datafield>
  <marcxml:datafield tag="046" ind1=" " ind2=" ">
    <marcxml:subfield code="s">1937</marcxml:subfield>
  </marcxml:datafield>
  <marcxml:datafield tag="110" ind1="2" ind2=" ">
    <marcxml:subfield code="a">National Gallery of Art (U.S.)</marcxml:subfield>
  </marcxml:datafield>
  <marcxml:datafield tag="368" ind1=" " ind2=" ">
    <marcxml:subfield code="a">Art museums</marcxml:subfield>
    <marcxml:subfield code="2">lcsh</marcxml:subfield>
  </marcxml:datafield>
  <marcxml:datafield tag="370" ind1=" " ind2=" ">
    <marcxml:subfield code="c">United States</marcxml:subfield>
    <marcxml:subfield code="2">naf</marcxml:subfield>
  </marcxml:datafield>
  <marcxml:datafield tag="410" ind1="2" ind2=" ">
    <marcxml:subfield code="a">Kokuritsu Bijutsukan (U.S.)</marcxml:subfield>
  </marcxml:datafield>
  <marcxml:datafield tag="410" ind1="2" ind2=" ">
    <marcxml:subfield code="a">Mellon Gallery of Art</marcxml:subfield>
  </marcxml:datafield>
  <marcxml:datafield tag="410" ind1="2" ind2=" ">
    <marcxml:subfield code="a">National Art Gallery (U.S.)</marcxml:subfield>
  </marcxml:datafield>
  <marcxml:datafield tag="410" ind1="2" ind2=" ">
    <marcxml:subfield code="a">Nat︠s︡ionalʹnai︠a︡ kartinnai︠a︡ galerei︠a︡ (U.S.)</marcxml:subfield>
  </marcxml:datafield>
  <marcxml:datafield tag="410" ind1="2" ind2=" ">
    <marcxml:subfield code="a">Smithsonian Institution.</marcxml:subfield>
    <marcxml:subfield code="b">National Gallery of Art</marcxml:subfield>
  </marcxml:datafield>
  <marcxml:datafield tag="410" ind1="1" ind2=" ">
    <marcxml:subfield code="w">nna</marcxml:subfield>
    <marcxml:subfield code="a">United States.</marcxml:subfield>
    <marcxml:subfield code="b">National Gallery of Art</marcxml:subfield>
  </marcxml:datafield>
  <marcxml:datafield tag="410" ind1="1" ind2=" ">
    <marcxml:subfield code="a">Washington (D.C.).</marcxml:subfield>
    <marcxml:subfield code="b">National Gallery of Art</marcxml:subfield>
  </marcxml:datafield>
  <marcxml:datafield tag="510" ind1="2" ind2=" ">
    <marcxml:subfield code="a">National Collection of Fine Arts (U.S.)</marcxml:subfield>
  </marcxml:datafield>
  <marcxml:datafield tag="510" ind1="2" ind2=" ">
    <marcxml:subfield code="w">r</marcxml:subfield>
    <marcxml:subfield code="i">Hierarchical superior:</marcxml:subfield>
    <marcxml:subfield code="a">Smithsonian Institution</marcxml:subfield>
  </marcxml:datafield>
  <marcxml:datafield tag="670" ind1=" " ind2=" ">
    <marcxml:subfield code="a">Kokuritsu Bijutsukan, mappu to gairyaku annai, 1996?</marcxml:subfield>
  </marcxml:datafield>
  <marcxml:datafield tag="670" ind1=" " ind2=" ">
    <marcxml:subfield code="a">Its Karta i putevoditelʹ, Nat︠s︡ionalʹnai︠a︡ kartinnai︠a︡ galerei︠a︡, Vashington, 2009.</marcxml:subfield>
  </marcxml:datafield>
  <marcxml:datafield tag="670" ind1=" " ind2=" ">
    <marcxml:subfield code="a">Smithsonian year, 1969:</marcxml:subfield>
    <marcxml:subfield code="b">page 623 (The National Gallery of Art, although technically established as a bureau of the Smithsonian Institution, is an autonomous and separately administered organization and is governed by its own Board of Trustees)</marcxml:subfield>
  </marcxml:datafield>
  <marcxml:datafield tag="678" ind1=" " ind2=" ">
    <marcxml:subfield code="a">The National Gallery of Art  was established 1937 through the gift of Andrew W. Mellon, to the United States, of a collection of paintings and of a fund for housing and maintenance thereof.</marcxml:subfield>
  </marcxml:datafield>
</marcxml:record>
